2625 6400
395 1242 913 1331 feneratio,
1127 1270 1170 1331 u

87 1498 91 1515 .
202 1440 291 1547 Qid
304 1436 465 1543 scripserit
477 1438 623 1523 Flaccus,
636 1464 674 1511 ea
689 1434 828 1539 quaeilio
841 1436 988 1513 hislorica
1001 1438 1062 1516 esi:
1084 1446 1171 1518 inea

87 1587 91 1625 ε
142 1550 268 1635 talibus,
305 1552 341 1623 lu
360 1572 391 1621 e.
412 1546 502 1619 libris
520 1546 672 1639 antiquis,
709 1538 972 1637 consentientibus
991 1550 1170 1647 praecipue,

87 1692 90 1731 t
141 1650 347 1735 ceddum,
369 1674 469 1749 quarn
483 1644 539 1719 diu
552 1642 679 1746 ipstsrbi
694 1643 874 1719 fidemnon
888 1646 1052 1746 abrogant,
1072 1675 1171 1749 quam

87 1809 92 1827 .
139 1756 184 1831 diu
201 1784 275 1831 non
292 1752 406 1827 dicunt
425 1770 532 1852 aperte
548 1753 763 1848 repugnantia.
830 1744 899 1827 sed,
916 1748 1062 1823 videntur
1081 1758 1172 1825 inter-

87 1926 89 1937 ,
139 1860 204 1935 dun
223 1882 427 1959 repugnare,
457 1880 556 1951 quae,
591 1848 819 1950 circuntspedla
847 1857 905 1924 rite
925 1860 1018 1925 omni
1037 1860 1172 1929 circum.

86 2014 91 2028 .
137 1964 254 2045 dantia,
280 1966 319 2033 in
339 1955 551 2032 concordiam
572 1951 701 2053 possunt
717 1952 817 2053 redigi
840 1980 898 2039 eo,
921 1962 1013 2029 utin
1035 1956 1173 2046 musicis,

86 2132 89 2139 .
137 2064 374 2148 bmndiorem,
406 2056 496 2161 quod
527 2060 644 2131 babent
680 2058 798 2158 aliquid
834 2064 969 2157 pugnae¹
988 2056 1174 2137 adinillntn.

86 2206 89 2239 ;
137 2168 203 2245 Tali
218 2158 390 2267 ὅξόμωςα
411 2190 482 2245 nou
502 2157 663 2235 observata
682 2156 787 2233 fraudi
806 2158 896 2233 fuere
917 2190 986 2237 non
1008 2191 1175 2265 nunquam

86 2332 89 2353 ‚
134 2270 272 2347 Bentleio
293 2270 343 2341 V.
362 2268 580 2346 C.Serma,
598 2272 751 2357 5‚79&
777 2286 858 2350 103.
916 2269 949 2337 Si
972 2264 1048 2365 quid
1068 2288 1176 2341 autem

134 2370 300 2453 semem,
323 2363 414 2467 quud
433 2368 452 2443 a
473 2362 581 2441 vitiosa
600 2364 951 2466 repugnantia'liberate
965 2388 1035 2441 non¹
1047 2368 1177 2469 poisuu,

134 2470 289 2550 miden
300 2496 397 2545 urere
410 2478 445 2547 dt
460 2466 563 2541 secare
574 2470 660 2550 licet,
682 2496 751 2542 non
767 2466 895 2567 grassari
910 2477 944 2543 in
960 2471 1068 2557 libros,
1091 2494 1128 2546 ut
1142 2478 1176 2546 in

135 2574 366 2674 discipulorum
390 2568 487 2671 pensa
503 2568 584 2645 solet
602 2570 801 2644 emendatrix
820 2600 933 2646 manus
951 2582 1178 2674 praeceptoris:

135 2676 182 2755 sed
202 2674 271 2751 nili
296 2682 343 2749 ita
360 2674 489 2763 mullis,
509 2680 551 2749 ita
580 2672 719 2775 liquida,
744 2680 783 2747 ita
811 2676 914 2762 clara,
941 2682 983 2751 ita
1013 2682 1107 2751 unica
1140 2677 1178 2752 sn

138 2778 339 2863 mendatio,
357 2776 454 2877 plane
473 2784 518 2849 uti
539 2775 679 2851 dubitare
701 2782 829 2851 homini
852 2806 958 2853 rerum
982 2787 1085 2880 perito
1108 2808 1179 2855 nun
1236 2786 1238 2791 ’

137 2884 237 2969 lioeat,
258 2877 440 2955 modestiae
452 2880 576 2955 nullrae
594 2892 628 2957 dt
645 2884 807 2955 bonorum
828 2883 987 2957 librorum
1010 2890 1179 2985 integritati

138 2994 234 3087 pot'urs
248 2992 294 3059 ita
308 2981 533 3069 confidamus,
553 3006 588 3059 ut
609 2990 644 3059 in
666 2992 832 3087 margine,
859 2986 935 3087 quid
959 2990 1052 3063 nobis
1075 2986 1181 3066 videa·

138 3111 200 3177 aar,
219 3086 416 3173 indicemus.

205 3196 286 3268 Dici
301 3220 375 3270 non
464 3190 507 3276 sl,
534 3218 631 3292 quam
654 3186 751 3264 sacile
772 3189 810 3265 sn
828 3196 880 3267 hic
901 3189 990 3280 falli,
1008 3193 1091 3278 labi,
1112 3221 1181 3268 cor·-

140 3323 286 3396 rumpere
305 3213 588 3398 qugtsmmdm
605 3295 692 3368 velis.
742 3301 830 3368 Cum
849 3297 1039 3372 concedatur
1058 3295 1181 3372 senibus

141 3415 443 3578 iirissiisitlz
456 3395 659 3586 liliis
680 3397 1184 3582 blitildis„nstitit

141 3605 276 3706 geniofi,
301 3610 358 3708 qui
377 3601 509 3680 subinde
529 3601 708 3678 accusarent
728 3634 835 3678 meam
860 3615 891 3680 iu
908 3608 1183 3683 emendationibus

97 3739 101 3748 ·
142 3711 185 3784 sel
202 3713 318 3784 alienis
339 3707 394 3782 vel
410 3714 492 3782 meis
517 3705 722 3784 admittendis
744 3708 930 3784 tarditatem.
994 3709 1056 3786 Sed
1080 3711 1184 3786 fateor

144 3819 292 3912 ingenue,
317 3810 487 3910 aliquoties
500 3831 608 3886 mmen
623 3840 699 3884 curn
714 3819 807 3886 orsini
823 3816 896 3898 illa,
923 3843 1018 3912 quarn
1035 3843 1096 3912 ego
1115 3843 1184 3887 cau·

144 3923 260 3992 tionem
276 3913 499 4014 appellabam,
519 3912 578 4012 ipsi
592 3913 815 3998 timiditatem,
839 3916 1004 4014 aliquoties
1025 3924 1106 3989 uribi
1128 3914 1185 3989 usu

144 4017 277 4101 seniffe,
307 4039 345 4092 ut
365 4021 461 4091 audio
484 4014 603 4090 scilicet
630 4045 736 4090 rerum
770 4021 1004 4120 verborumque
1033 4017 1109 4106 usu,
1139 4046 1185 4093 re.

145 4119 320 4198 mendae
352 4117 452 4198 esseut
476 4119 733 4212 cauendatioues,
782 4152 861 4225 quae
888 4123 980 4200 valde
1008 4130 1101 4198 mihi·
1117 4122 1185 4225 pla·

145 4245 278 4300 mant.

214 4335 295 4426 Qu
322 4331 431 4400 minus
457 4331 599 4425 poenitet
624 4331 660 4398 in
678 4329 819 4403 Horatio
840 4327 964 4404 caulam
988 4351 1187 4430 receptarum

147 4431 321 4506 leetionum
352 4425 516 4527 suscepisse
536 4455 603 4504 nou
623 4457 787 4530 nunquam
813 4457 921 4506 contra
943 4432 1046 4533 ipsum
1066 4433 1188 4508 bentle-

145 4541 230 4622 ium,
250 4540 352 4610 etiam
365 4533 420 4606 ubi
433 4529 593 4616 irascitur,
613 4533 717 4622 (utad
736 4542 801 4608 nn.
818 4541 903 4609 l’uet.
922 4541 1010 4638 441)
1031 4535 1116 4637 quod
1138 4533 1188 4606 so·

147 4637 207 4712 lent
228 4665 301 4712 non
322 4663 491 4738 nunquam
511 4642 570 4712 viri
592 4633 697 4720 dedii,
727 4667 802 4712 curn
824 4661 932 4738 putant
953 4647 1102 4740 iniquum
1125 4633 1189 4710 elle

147 4741 279 4814 librariis
300 4737 520 4814 semibarbaris
536 4740 606 4838 plus
628 4737 703 4812 lidei
728 4744 833 4817 baberi
857 4773 951 4844 quam
971 4742 1041 4816 suae
1061 4747 1190 4824 rationi,

150 4849 207 4918 boc
222 4847 266 4920 eil
282 4849 402 4918 radiae:
428 4841 515 4944 quali
532 4839 675 4916 vicissent
694 4873 770 4918 vero
784 4844 872 4920 suam
887 4855 1042 4920 rationem
1059 4851 1113 4918 lric
1127 4840 1190 4916 else

152 4955 276 5024 restam.
335 4953 460 5024 Contra
481 4952 565 5020 hanc
586 4951 770 5022 criticorum
786 4950 1002 5050 quorumdam
1019 4955 1189 5024 ucherneu-

152 5061 218 5130 tuan
234 5073 396 5128 armatum
411 5053 522 5154 pessus
537 5050 652 5126 babere
666 5050 758 5125 debet
774 5058 898 5129 Horatii
920 5051 1101 5158 praesertim
1127 5048 1189 5124 edi.

688 5184 706 5234 a
735 5180 751 5254 5
1127 5175 1189 5236 tor,
