2625 6400
189 1166 353 1285 ms
414 1164 580 1295 friat.
626 1178 1130 1305 euenere*
1201 1206 1224 1231 ··

101 1430 104 1435 -
174 1478 179 1493 Ι
265 1374 586 1493 Qmmmitalirlt,
605 1388 788 1461 Bartariana
801 1386 1129 1490 exemplarialloratii
1144 1422 1240 1475 com·

89 1530 97 1541 .
190 1485 502 1573 mmdariloleuam
517 1491 692 1565 iunioribus
707 1495 837 1575 amicit,
858 1501 892 1568 ἁ
912 1520 1076 1596 uunquam
1098 1495 1184 1574 forte
1196 1500 1240 1579 da

109 1672 112 1677 ,
194 1588 323 1669 edendo
334 1596 474 1667 Horatio
488 1596 677 1694 cogitatmus
690 1589 758 1693 ipse
772 1589 914 1680 fueram,
940 1597 1074 1672 illorum
1094 1599 1119 1674 ss
1141 1607 1239 1703 eopia

194 1696 267 1773 fieri
280 1693 423 1771 ludium
437 1700 661 1771 inGermania
682 1692 838 1795 potuisset.
887 1695 949 1773 Sed
971 1729 1047 1775 tum
1069 1701 1172 1779 visum
1193 1702 1242 1781 es·

194 1796 243 1875 set
261 1799 382 1897 librum
400 1804 444 1874 ita
461 1799 598 1885 utilem,¹
620 1805 662 1875 ita
683 1796 919 1887 commodum,
940 1805 1114 1900 parabilem
1128 1814 1238 1885 etiam

195 1898 301 1979 sonere
312 1902 444 1977 nolltia:
466 1900 619 1977 uolebam
634 1901 727 1975 illum
744 1901 811 1976 stne
825 1901 901 1979 dote
913 1905 1016 2007 aliqua
1029 1936 1047 1981 a
1062 1935 1117 1981 me
1127 1909 1240 1987 dimit·

195 2025 279 2094 tere,
304 2004 400 2108 idque
419 2032 459 2079 oo
479 2010 585 2077 minua
609 2031 691 2077 eum
709 2025 835 2102 praeter·
851 2035 906 2091 ea,
931 2036 1009 2109 quae
1029 2008 1239 2112 quadraginta

188 2104 334 2204 'ampliua
345 2102 506 2179 annornm
521 2133 596 2179 cum
610 2106 727 2181 Flacco
748 2104 965 2195 familiaritas,
988 2111 1105 2189 &usui
1124 2116 1240 2217 aliquia

75 2269 78 2278 .
195 2232 309 2281 earum
326 2233 454 2291 rerum,
488 2210 600 2309 quibua
630 2214 691 2311 laic¹
704 2234 785 2313 opus
807 2212 868 2298 ell,
900 2211 1052 2288 subiicere
1081 2238 1242 2319 poterant,

195 2314 293 2383 etiam
317 2306 484 2385 asormna
514 2307 705 2389 offerrentur
723 2306 877 2414 quaedam
903 2318 1064 2393 ornandae
1088 2318 1240 2395 editionis

219 2408 357 2489 taelidia.
407 2418 514 2519 Quare
527 2414 616 2489 statui
630 2418 727 2490 tribur
743 2415 805 2490 illis
818 2422 1004 2517 generibus,
1024 2448 1103 2521 quae
1118 2428 1152 2493 in
1167 2416 1242 2522 ipsd

127 2529 131 2537 '
193 2440 762 2622 llngrelsuoommemoraai,.augere
773 2534 834 2623 pr'o
848 2520 999 2627 praesenti
1020 2528 1114 2625 oopia
1134 2532 1242 2605 &au-

193 2618 332 2707 luntate,
347 2624 471 2695 mareri
486 2621 673 2699 editionem.
787 2636 792 2643 '
1031 2643 1034 2654 ·
1237 2640 1242 2653 ·

181 2758 184 2767 “
271 2757 323 2832 nc
344 2760 465 2855 primo.
496 2742 606 2829 uidem
627 2781 697 2830 non
717 2774 783 2828 tam
804 2759 869 2827 hoc
889 2760 958 2853 egi,
974 2775 1009 2827 ut
1030 2750 1242 2837 emendarem

195 2860 390 2943 Horatium,
436 2784 507 2931 nol
523 2879 638 2931 munna
659 2858 838 2943 cumulate,
860 2855 1002 2963 &sorte
1022 2856 1122 2957 plus,
1139 2884 1242 2957 quam

195 2980 278 3061 opus
292 2981 374 3043 etat,
393 2886 442 3034 illi
458 2962 637 3062 praellitum
650 2962 801 3047 arbitror3
823 2988 919 3055 quam
934 2982 969 3060 ut
986 2961 1025 3054 ab
1035 2962 1242 3061 ,intempesti-

199 3068 247 3137 vis
263 3059 538 3155 emendationibus
553 3070 585 3138 h.
598 3092 625 3137 e.
639 3065 901 3164 corruptionibus¹
912 3063 1009 3143 illum
1030 3084 1134 3139 tuerer
1152 3074 1186 3142 ἀ
1204 3070 1242 3143 in

198 3162 314 3249 {latum
328 3166 414 3246 uelut
428 3164 521 3244 suum
536 3164 713 3244 aisement.

277 3305 354 3398 Qro
374 3302 479 3404 plurea
497 3297 632 3380 leslorea
657 3325 689 3377 et
708 3298 860 3376 studiosos
881 3301 991 3374 habuit
1011 3305 1179 3384 Horatius,
1199 3311 1242 3376 eo

221 3401 303 3478 lutea
319 3403 367 3480 illi
380 3412 477 3480 etlam
493 3435 606 3481 manua
617 3403 790 3482 admovere
807 3402 999 3476 emendandi
1014 3401 1114 3478 caull'a
1134 3411 1242 3481 conati

158 3530 163 3542 ’
196 3431 289 3590 luat,
306 3534 491 3614 nonaequo
511 3506 665 3595 successu,
686 3507 830 3582 dissimili
851 3513 1007 3582 nimirum
1030 3505 1087 3607 ipsi
1109 3512 1242 3607 ingenio

198 3607 418 3710 dodrinaque.
493 3611 656 3714 ingenioli
682 3609 850 3689 &eruditi
880 3617 939 3681 viri
968 3609 1027 3684 libi
1048 3611 1242 3710 placuerunt,

196 3708 317 3814 siquid
338 3712 518 3814 exsculpere
543 3713 669 3817 pollent
689 3715 843 3816 elegantia
863 3717 1008 3797 Horatii,
1029 3734 1063 3787 ut
1084 3711 1142 3813 ipsi
1161 3714 1242 3786 arbi.

198 3813 373 3900 trahantur,
405 3816 548 3919 dignius:
585 3817 640 3895 sed
667 3817 810 3920 primum
843 3815 922 3892 illud
942 3813 1046 3917 ipsum
1072 3815 1242 3903 iudicium,

197 3918 287 4020 Qid
301 3919 340 3994 lit
351 3927 387 3994 in
401 3919 551 4022 scriptore
562 3951 664 4024 prope
685 3924 732 4000 bia
754 3920 845 3998 milla
864 3946 1026 3992 annorum
1049 3919 1242 4019 elegantiuai

197 4021 332 4098 difficile
358 4025 403 4098 eil
431 4035 464 4100 ἀ
486 4031 527 4110 ita
548 4026 657 4098 multis
681 4023 771 4122 saepe
794 4024 966 4096 rationibus
988 4023 1242 4122 immutamur

200 4133 319 4207 merito
331 4130 396 4198 hoc
412 4132 553 4203 martiane
566 4132 600 4209 in
615 4150 813 4226 genereque
834 4129 905 4231 quie
924 4125 968 4204 est
988 4123 1134 4214 dudlior,
1155 4121 1242 4228 tantp

202 4226 778 4320 maiorismodesliaecausashabeat.

273 4362 350 4438 etfi
367 4359 481 4437 demus
490 4359 568 4437 'viria
579 4362 700 4449 datiis,
722 4359 825 4462 (qnod
846 4388 921 4435 eum
942 4361 1113 4441 universim
1133 4367 1242 4461 negari

200 4487 331 4568 propter
355 4470 517 4540 humanae
537 4488 664 4544 naturae
690 4477 725 4545 dt
743 4459 790 4539 rei
812 4462 906 4567 ipsius
935 4465 1153 4540 conditionem
1174 4461 1242 4541 non

200 4567 314 4672 posfit,
337 4590 445 4644 tamen
460 4577 493 4646 in
507 4575 570 4644 hoc
591 4570 642 4647 vel
666 4570 725 4646 illo
749 4570 825 4643 loeo
846 4590 973 4668 propter
994 4566 1118 4646 causam
1140 4566 1242 4643 modo

201 4670 372 4748 iudicatam
389 4672 521 4746 concedi
537 4680 589 4748 viat
603 4703 640 4748 ae
661 4701 703 4752 ne
721 4679 775 4750 vix
793 4668 925 4771 quidem
947 4673 1063 4771 potell)
1087 4668 1169 4771 ipson
1189 4672 1242 4746 ali.

201 4775 281 4873 quid
296 4769 447 4853 inuenisse
461 4797 587 4875 accepta
601 4778 740 4854 lectione
758 4777 890 4859 melius,
909 4776 1088 4875 pulchrius:
1109 4803 1150 4849 an
1170 4773 1242 4848 ideo

200 4875 282 4958 illud
296 4885 399 4977 potius
412 4877 564 4984 seripfille
580 4885 773 4964 Horatium,
795 4875 982 4958 confertum
995 4878 1063 4958 esti
1101 4882 1242 4954 Licuitne

199 4977 393 5076 dormitare,
413 4984 592 5066 halucinati-
608 4990 705 5064 etiam
722 4987 883 5064 Horatio?
1028 5063 1032 5068 .

1160 5080 1242 5182 mar
