2625 6400
709 1096 713 1104 ι

733 1122 737 1133 ι
790 1112 800 1125 “
936 1125 938 1129 ·

937 1166 940 1173 ι

223 1214 784 1378 “·ιιιιιιοιιυιι·ιη.ι’,4ζ
941 1210 946 1235 ’
972 1297 1067 1377 35„
1137 1252 1161 1333 ·,

264 1464 268 1471 ’
364 1460 667 1532 SATlRll-IV.

195 1577 250 1623 ιιι
269 1577 678 1625 oscandus-conss
709 1575 835 1625 saroa.
945 1612 950 1623 .

125 1641 213 1715 eiam
224 1643 380 1721 Lucilius,
404 1644 547 1710 austures
568 1646 682 1710 veteris
705 1642 888 1709 comoediae
903 1644 1045 1715 imitatus

125 1729 224 1792 :andis
235 1730 419 1794 nominatim
433 1732 611 1819 homiqibus
624 1731 785 1812 improbis,
800 1729 903 1794 satiras
917 1732 1044 1828 scripsit,
1088 1743 1090 1747 '
1125 1790 1128 1795 .

125 1815 207 1897 genii
227 1814 309 1877 haud
324 1815 595 1881 contemnendi&
610 1817 715 1880 iudicii
731 1816 819 1891 acris,
841 1814 893 1879 sed
906 1817 947 1880 ob
962 1819 1042 1885 sesti·
1106 1829 1109 1836 ’
1158 1830 1164 1841 “

125 1920 189 1962 rem
203 1900 408 1964 inscribendo
424 1901 458 1966 dr
472 1904 504 1965 in
524 1903 714 1984 expoliendo
726 1901 882 1984 pigritiam
896 1904 989 1968 durus
1006 1904 1042 1970 δι

125 2004 132 2047 ι
147 1985 247 2049 tersus
261 1986 294 2049 ln
307 1988 534 2069 componendis
547 1979 692 2053 versibus.
734 1987 887 2070 Equidem
906 1989 1040 2054 multum

125 2092 161 2134 re
180 2068 353 2157 improboq
367 2071 400 2137 δι
413 2072 481 2136 Diis
493 2074 594 2136 habeo
607 2076 754 2156 gratiam,
777 2073 861 2155 quod
883 2092 934 2137 me
954 2076 1040 2155 parci
1077 2086 1079 2091 '

125 2156 363 2223 missitauerant.
408 2148 563 2241 Crispinus
585 2180 641 2242 per
661 2180 711 2223 me
733 2156 802 2238 plus
824 2157 932 2222 scribat
948 2161 1041 2242 quam

132 2242 167 2306 δι
181 2240 268 2306 efflet
282 2243 385 2306 versus
407 2256 442 2307 ut
457 2257 582 2308 ventum
602 2245 704 2309 follis:
726 2242 798 2327 &F
799 2245 908 2308 annius
922 2245 1040 2326 glorio·

125 2338 184 2392 reat
203 2322 275 2403 libi,
298 2327 424 2410 fipollit
438 2329 562 2393 efficere
579 2340 613 2394 ut
634 2330 740 2412 imago
755 2327 912 2412 &scripta
928 2330 979 2393 sua
992 2351 1040 2393 re·
1103 2398 1105 2403 ,

125 2428 186 2476 rtur
199 2414 233 2475 iu
246 2413 454 2495 bibliothecis.
498 2412 576 2479 Cum
592 2434 654 2498 ego
674 2415 784 2498 scripta
797 2434 867 2480 mea
882 2414 1040 2496 vulgo-re·

144 2518 273 2572 vereor,
295 2520 333 2561 ea
353 2520 447 2563 nemo
468 2500 564 2581 legit,
587 2501 652 2563 imo
668 2500 781 2583 spernit
796 2498 954 2564 castorem
969 2520 1040 2585 pro·
1140 2554 1144 2561 .

125 2604 150 2657 ι,
168 2585 274 2668 ,quod
295 2585 411 2663 satiris,
440 2586 550 2668 quibus
573 2586 647 2649 vitia
671 2596 734 2649 tam
755 2581 863 2650 usitata
881 2589 1038 2664 notantur,
1127 2592 1133 2609 ’

125 2668 229 2733 luntur
243 2669 390 2753 plerique.
433 2669 479 2734 At
499 2670 555 2734 ille
573 2680 691 2753 po'e'ta„
707 2672 830 2745 dicunt,
853 2692 973 2754 pronus
993 2671 1039 2738 est

125 2751 307 2832 cedendum,
330 2756 446 2818 nemini
467 2757 580 2837 parcit,
603 2755 637 2821 dr
651 2758 796 2842 quicquid
816 2758 910 2823 semel
921 2758 1037 2827 chartis

125 2842 177 2914 rit,
200 2840 298 2903 cuivis
312 2842 407 2903 obvio
422 2840 541 2906 recitat.
583 2842 650 2905 Nae
665 2843 796 2924 primum
808 2862 872 2905 non
887 2840 968 2906 iasio
983 2862 1036 2906 me

125 2932 246 3000 »oetam
271 2928 341 3008 quia
361 2927 484 2988 dicendi
499 2946 609 3008 genus,
626 2947 689 3011 quo
708 2938 781 2990 utor
793 2927 825 2987 in
842 2924 955 3003 satiris,
979 2927 1037 2989 ser·
1107 2928 1111 2939 '

130 3010 342 3092 euprepius,
363 3009 460 3072 simile
478 3013 612 3075 comico.
657 3012 737 3074 Nam
757 3021 858 3073 metro
880 3011 980 3073 soluto
1001 3009 1037 3074 δε

125 3094 269 3157 arborum
284 3096 394 3158 ordine
408 3094 500 3167 farto,
524 3117 589 3158 rem
604 3096 647 3159 ita
661 3096 731 3170 esse,
754 3096 845 3159 facile
860 3094 1037 3175 intelliges:
1117 3092 1122 3108 '

131 3179 222 3244 secus
236 3180 280 3245 est
301 3204 328 3245 v.
343 3201 371 3245 c.
392 3182 423 3245 in
439 3181 572 3245 versibus
585 3182 752 3257 Ennianis,
796 3182 885 3245 uibus
901 3180 947 3243 vis
963 3185 1038 3262 poe·-

125 3265 273 3334 sipiritus
284 3266 475 3341 immanebit,
498 3267 613 3330 etiarnsi
628 3277 761 3333 metram
773 3202 939 3336 allideris.
963 3264 1041 3330 Cae·

125 3348 220 3415 ,flare
233 3353 344 3423 iustum
360 3361 472 3437 poe'ma
487 3374 545 3416 nec
560 3374 599 3416 ne
608 3398 617 3430 ,
639 3373 722 3417 nunc
737 3374 800 3415 non
814 3373 948 3436 quaero:
975 3352 1039 3416 hoc
1063 3370 1067 3380 ’

125 3458 145 3499 ιι
171 3439 348 3515 contendo,
372 3459 436 3501 non
458 3438 617 3523 essequod
637 3459 707 3502 mea
729 3440 839 3521 scripta
851 3450 1038 3502 metuantur.
1111 3449 1113 3453 ’

125 3543 179 3594 aes
191 3522 276 3585 enim
290 3523 325 3588 dr
338 3522 434 3597 sicarii
448 3534 588 3589 metuant
603 3523 741 3589 Saleium
756 3523 945 3608 &Caprium
955 3540 1040 3586 acer·
1128 3543 1133 3554 ·

133 3608 347 3684 accusatores,
367 3630 447 3693 quos
467 3611 619 3674 innocens
641 3630 705 3674 non
723 3611 848 3682 metuit.
886 3609 973 3691 Ergo
981 3606 1037 3683 ‚zfi

125 3715 131 3756 :
147 3714 185 3758 ea
197 3695 295 3771 latro,
318 3716 377 3759 nec
392 3716 455 3778 ego
470 3696 599 3779 Caprius
618 3706 674 3759 aut
686 3694 827 3768 Sulcius,
848 3705 968 3757 temere
983 3712 1037 3758 me
1081 3721 1083 3728 ·

125 3799 150 3843 s.
194 3779 317 3843 Deinde
330 3801 388 3844 nec
403 3783 513 3861 scripta
527 3802 596 3844 mea
609 3781 733 3862 publice
747 3778 891 3861 prostant,
905 3798 963 3841 nec
972 3797 1039 3860 ego

125 3864 271 3929 [ramicis
288 3868 380 3950 idque
395 3866 532 3943 coaetus,
555 3866 672 3930 recito:
695 3865 748 3934 alii
762 3883 837 3928 vero
853 3865 886 3926 in
897 3864 968 3928 soro
979 3864 1036 3927 sua

125 3963 158 4015 ut
173 3951 206 4015 dt
221 3953 253 4015 in
267 3952 396 4028 balneio,
417 3973 482 4015 non
493 3974 573 4034 ego:
595 3971 655 4016 nec
669 3951 792 4034 gaudeo
808 3949 887 4016 alios
901 3948 1036 4025 laedere,
1091 4023 1095 4030 Ι

125 4035 308 4101 certatores
328 4039 564 4103 calumniantur.
605 4036 750 4101 Detestor
771 4035 877 4109 istum,
913 4032 965 4120 qui
983 4033 1036 4099 ab·

125 4124 295 4193 ramicum
317 4122 487 4200 obtrectat,
509 4125 668 4205 culpatum
681 4141 745 4185 non
765 4119 928 4200 defendit,
941 4116 1037 4183 disie-
1064 4121 1067 4128 '

125 4220 202 4290 rptat
222 4209 386 4274 hominum
405 4211 513 4285 risum,
543 4210 673 4276 crimina
693 4207 766 4271 salsa
787 4206 896 4290 lingit,
924 4225 1035 4270 arcana

125 4316 147 4371 t,
170 4292 224 4357 sub
239 4293 345 4375 'specie
367 4297 520 4362 amicitiae
540 4294 790 4364 malevolentiam
811 4293 900 4378 tegit.
944 4291 1035 4357 Eius·

127 4379 362 4459 improbitatem
384 4383 422 4444 ab
441 4382 546 4444 animo
567 4401 640 4444 meo
664 4380 697 4444 δι
713 4380 832 4460 scriptis
849 4378 955 4442 abfore
969 4397 1035 4441 cer,
1086 4459 1090 4466 ἢ

125 4466 310 4547 eprornitto.
353 4466 473 4532 Verum
489 4466 508 4529 li
525 4468 598 4549 quid
614 4466 741 4529 liberius
750 4464 788 4528 δι
803 4463 883 4527 sorte
897 4462 1032 4526 iocosius
1084 4483 1088 4504 ¹

125 4570 149 4625 »3
173 4550 251 4612 mihi
271 4552 463 4632 ignoscatur.
501 4552 552 4614 Ad
569 4552 642 4615 uitia
663 4550 811 4697 fugienda
829 4549 863 4615 ἃ
884 4547 968 4613 reste
991 4549 1035 4611 vi·
1059 4622 1069 4635 Ι,
1138 4555 1140 4561 “

125 4635 319 4703 rstimendam
337 4639 472 4720 optimus
491 4649 582 4720 pater
595 4656 647 4699 me
668 4636 699 4699 iu
712 4648 748 4700 ut
767 4636 916 4718 inspicere
931 4653 1037 4696 exem.

125 4722 310 4803 rproborom
328 4722 361 4786 dr
383 4725 560 4805 proborum.
604 4721 706 4804 Igitur
727 4721 800 4785 vitia
820 4721 968 4794 aliorum,
991 4737 1033 4781 ne

126 4807 305 4870 ommirtam
325 4809 402 4871 olim
420 4809 598 4890 imprudens
605 4852 615 4883 ,
646 4807 714 4869 otio
736 4805 897 4880 concello,
919 4804 1033 4876 litteris

125 4913 146 4956 a.
190 4892 285 4967 Quod
298 4893 353 4956 nisr
367 4894 443 4957 mihi
457 4896 630 4957 concedere
645 4891 739 4965 velis;
768 4892 857 4973 copia
872 4897 1037 4973 poetarum
1054 4901 1058 4910 “

125 4977 181 5041 erit
199 4978 333 5052 auxilio,
357 4978 391 5044 δι
405 4993 436 5043 te
451 4982 489 5042 ad
503 4981 581 5042 hanc
597 4976 732 5042 nostram
743 4976 942 5051 sententiam,
967 4975 1037 5043 sati-

125 5061 145 5127 'e
160 5062 357 5138 scribendas,
377 5084 548 5147 cogemus,
574 5064 836 5147 quemadmodum
849 5064 888 5127 ad
902 5061 969 5130 suas
983 5081 1033 5124 ce-

125 5150 175 5215 ias
186 5146 423 5234 amplestcndas
431 5149 625 5236 compellunt
638 5150 717 5213 alios
731 5139 847 5214 ludaei.

523 5240 595 5322 Z'3
729 5282 731 5284 -
881 5237 1039 5309 EURO-
