2625 6400
284 1198 331 1297 Q.
352 1194 616 1275 Hormi
642 1192 862 1275 FLAccr
883 1196 1033 1275 VITA
1091 1227 1185 1281 xxxx
1227 1300 1232 1311 Ι

122 1388 215 1492 quod
219 1393 372 1485 uidturir
373 1390 567 1487 fertilioris
574 1385 753 1487 nobistffti
773 1388 980 1495 exprellitque
988 1388 1189 1495 Eclogum¹l

121 1500 361 1572 uriminitium
375 1494 439 1591 οὓς
1103 1580 1106 1587 ¹

231 1601 319 1675 Cum
334 1595 551 1694 totsustincos
564 1595 612 1674 &l
625 1607 724 1669 tortio
739 1596 978 1696 nogotiostrlrui
1065 1644 1070 1659 ·

227 1698 302 1777 Res
319 1706 433 1775 Itolcr
446 1700 551 1773 aretis
572 1704 710 1787 tuteris,
736 1705 877 1773 moribus
891 1728 997 1789 orces,

229 1806 379 1905 Legibus
390 1809 545 1886 umidos,
564 1809 601 1877 iu
613 1808 744 1898 publicu
758 1811 920 1878 commodo
927 1830 1063 1902 poteret,

231 1912 273 1982 u·
290 1912 393 2008 longo
403 1906 679 2005 sermoetmoror
691 1923 751 1982 tuo
765 1923 929 2007 temporo,
952 1908 1082 2010 Cacsar.

128 2014 254 2091 Habitu
272 2018 420 2114 corporis
435 2014 537 2085 brevis
550 2008 612 2085 fuit
625 2032 719 2112 utque
730 2006 858 2101 obesuc3
872 2013 982 2113 -qualis
994 2026 1030 2092 dt
1041 2044 1059 2089 a
1072 2013 1186 2089 semet.

127 2116 199 2221 ipso
218 2124 257 2191 iu
272 2114 303 2205 ¹)
321 2122 440 2211 Sutyria
459 2112 662 2201 describitur,
684 2136 715 2188 et
732 2116 772 2187 ab
791 2117 936 2217 Augusto
948 2120 1010 2193 huc
1022 2119 1185 2220 Epistola
1228 2118 1233 2139 '

127 2224 415 2297 Periclitatur
434 2218 765 2321 Dionffmlibellum
787 2233 897 2305 tuum,
926 2244 1017 2321 quem
1038 2250 1116 2323 ego,
1143 2248 1186 2296 ut
1229 2223 1231 2231 ’

130 2324 270 2421 mse·
296 2328 502 2409 brmitotm,
533 2321 827 2421 quantulutcunqut
856 2323 917 2420 ost,
944 2330 1021 2399 buti
1043 2326 1186 2421 consulo.

133 2430 249 2505 Vrrm'
272 2440 381 2501 culm
401 2429 478 2499 utili
503 2428 639 2511 uideris,
669 2453 711 2500 uc
738 2433 878 2500 nroiorct
903 2434 1006 2505 libelli
1031 2436 1079 2504 lui
1099 2434 1186 2532 fiat,

131 2555 220 2629 μ·
233 2532 307 2628 ipse
322 2557 364 2606 cs.
416 2533 527 2633 Stdſs
537 2534 597 2603 tibi
605 2526 745 2626 stature
760 2530 860 2625 deest,
881 2532 1095 2628 corpusculum
1112 2562 1186 2609 ueta

134 2636 214 2733 dist.
245 2640 375 2735 ltaque
389 2633 734 2732 liubitiesextoriolo
743 2634 1017 2733 scribturureffl)
1031 2642 1187 2711 circuitus

1093 2746 1187 2820 volu·

136 2894 165 2975 b)
180 2896 336 2983 Bingium
354 2896 394 2999 ιζ.
413 2896 511 2999 mele,
531 2904 619 2979 puto.
660 2894 716 2963 Est
735 2906 839 2963 autem
859 2895 983 2982 Ecloga
1003 2896 1025 2964 s.
1046 2898 1187 2984 Epistol·

168 2982 236 3049 libri
252 2982 490 3067 secuudrprtor.
522 3000 633 3047 casu.

138 3066 167 3149 l)
182 3070 271 3133 Hinc
285 3068 410 3133 constat
424 3082 458 3133 et
469 3068 624 3151 Epistulae
638 3064 726 3133 luifl'e
737 3068 813 3134 olim
825 3088 882 3154 pro
895 3067 1028 3155 Satyris.
1066 3080 1188 3139 naxr:

168 3154 340 3238 Respicere
355 3154 441 3218 euim
452 3154 576 3220 videtur
589 3152 685 3239 Epist.
702 3172 730 3232 1,
743 3170 765 3238 4
778 3168 857 3222 extr.
880 3176 991 3222 cusu.

138 3244 180 3344 ιζ
191 3242 315 3318 Nemo,
337 3243 423 3342 quod
438 3240 541 3342 icium,
561 3261 602 3305 uc
623 3261 664 3305 ue
678 3243 807 3325 quaerit,
816 3263 931 3345 'neque
944 3245 1048 3320 docet,
1062 3244 1135 3329 quid
1148 3243 1187 3312 fit

168 3323 1188 3500 ²lboseallllbrllbldloscbblbetbbllintrabul‘eillidii>ldlbblbbilddrubbuibelbbbib

171 3520 238 3564 cam
253 3499 512 3574 lucubratoriam,
535 3495 597 3564 five
613 3497 800 3574 Gabinium,
820 3514 855 3566 ut
869 3503 963 3566 hodie
976 3523 1136 3580 vocamus,
1151 3502 1187 3569 dc

171 3587 213 3654 ibi
229 3583 409 3650 conuectis
423 3584 555 3666 pedibus
568 3585 707 3661 scribere,
724 3587 818 3670 Angli
832 3589 973 3662 iuvenes,
987 3606 1120 3671 quorum
1134 3592 1188 3653 de·

173 3663 245 3736 iude
257 3669 427 3736 infestatio
440 3669 574 3735 Bentleii
583 3675 889 3749 commemorabitur,
904 3674 977 3736 illos
992 3674 1083 3738 risum
1096 3693 1188 3757 quae-

175 3844 345 3909 icuteutia.
388 3841 609 3906 Humaniffime
618 3843 739 3908 accusat
748 3846 906 3925 Augustus
920 3847 1101 3910 brevitatem
1118 3846 1189 3913 libri

175 3928 322 4004 Horatii,
345 3947 448 4078 eopue
468 3928 534 4012 ipso
553 3929 687 4032 ‘iudi-cut,
709 3929 738 3992 se
757 3927 894 3993 lectione
914 3930 998 4031 illius
1016 3951 1083 4031 uon
1103 3931 1188 3997 satia·

176 4027 253 4080 tum.
301 4013 414 4079 locor
431 4026 536 4079 autem
551 4026 698 4099 impingit
713 4012 828 4078 Flacco
844 4016 1001 4080 brevitatis
1013 4016 1096 4079 rllrus
1114 4037 1189 4081 cou-

177 4101 298 4178 lilium,
317 4102 421 4165 uereri
439 4101 543 4176 illum,
572 4121 613 4165 ne
634 4102 665 4165 se
686 4101 753 4185 ipso
774 4103 909 4166 maiores
925 4100 984 4166 fiut
998 4102 1083 4178 libri,
1107 4121 1190 4187 quoe

178 4189 300 4252 ederet.
343 4187 459 4263 Addit,
481 4184 591 4251 fivelit
611 4199 706 4270 poetu
721 4188 878 4252 volumina
893 4189 996 4252 facere
1010 4188 1053 4253 sui
1068 4187 1189 4268 fimilia,

178 4275 298 4338 debere
310 4273 445 4338 illuuuu
457 4273 555 4356 longa
567 4274 695 4356 quidem
708 4273 769 4338 effe
783 4275 904 4358 (cogita
917 4275 984 4350 hic,
1004 4274 1114 4352 letter,
1135 4299 1190 4340 vo·

180 4359 291 4424 lmueu
303 4360 336 4423 iu
351 4359 463 4424 bacillo
477 4357 531 4424 suo
545 4358 595 4424 vel
609 4359 709 4441 longo
722 4359 772 4424 vel
789 4362 875 4424 brevi
888 4362 1117 4440 convolutum),
1137 4362 1190 4427 sed

179 4455 287 4510 tamen
303 4441 502 4509 craliiuscult.
546 4444 655 4530 Itaque
670 4447 736 4510 licet
751 4467 807 4528 pro
821 4447 877 4510 illo
892 4447 1016 4525 bacillo,
1030 4448 1079 4511 cui
1090 4446 1191 4511 invol-

182 4533 265 4596 vitur
279 4531 398 4611 charta,
418 4531 564 4594 adhibere
576 4531 785 4607 sexturiclum,
808 4529 983 4618 cylindrum
998 4534 1124 4596 brevem
1138 4532 1191 4595 led

181 4615 1190 4788 multituillisit:‘llllssllllittil

181 4787 243 4854 iam
264 4789 440 4864 aridorum,
459 4787 587 4852 solenne
603 4790 663 4867 et)
685 4810 763 4866 Qvo
779 4725 1018 4873 (italegendutb
1035 4809 1091 4871 pro
1112 4809 1193 4870 cum,

184 4877 268 4959 quod
291 4889 396 4940 ortum
409 4874 534 4938 uidetur
550 4895 590 4938 er
603 4895 694 4960 quom
712 4877 745 4938 iu
759 4877 842 4959 quod
858 4871 877 4959 ri
891 4897 949 4961 quo
963 4876 1095 4957 primum
1110 4875 1192 4939 forte

184 4977 331 5044 corrupte
340 4959 399 5037 est)
413 4959 444 5026 li.
459 4981 488 5024 e.
499 4981 552 5024 vr
567 4962 711 5026 circuitus
725 4964 772 5025 tui
784 4965 944 5026 voluminis
958 4972 1085 5041 propter
1103 4961 1192 5024 illum

186 5050 233 5111 cui
253 5047 433 5112 involutum
458 5045 503 5110 est
522 5045 738 5124 sextariolum,
760 5045 797 5113 ut
815 5043 1046 5123 tumidiffimua,
1059 5044 1194 5133 ficutess

184 5131 574 5202 cuuumomricuitut
594 5151 706 5199 occu.
736 5178 738 5182 -
786 5170 788 5174 -

172 3779 241 3822 rere
265 3770 412 3840 apertum
432 3756 485 3822 eli.
530 3755 695 3822 Caeterum
717 3758 795 3822 haec
817 3761 938 3824 videtur
957 3758 1018 3823 elle
1040 3761 1188 3842 epistolae
